@inproceedings{zheng2015scalable,
  title={Scalable Person Re-identification: A Benchmark},
  author={Zheng, Liang and Shen, Liyue and Tian, Lu and Wang, Shengjin and Wang, Jingdong and Tian, Qi},
  booktitle={Computer Vision, IEEE International Conference on},
  year={2015}
}

@article{sun2017beyond,
  title={Beyond Part Models: Person Retrieval with Refined Part Pooling},
  author={Sun, Yifan and Zheng, Liang and Yang, Yi and Tian, Qi and Wang, Shengjin},
  journal={arXiv preprint arXiv:1711.09349},
  year={2017}
}

@inproceedings{krizhevsky2012imagenet,
  title={Imagenet classification with deep convolutional neural networks},
  author={Krizhevsky, Alex and Sutskever, Ilya and Hinton, Geoffrey E},
  booktitle={Advances in neural information processing systems},
  pages={1097--1105},
  year={2012}
}

@article{simonyan2014very,
  title={Very deep convolutional networks for large-scale image recognition},
  author={Simonyan, Karen and Zisserman, Andrew},
  journal={arXiv preprint arXiv:1409.1556},
  year={2014}
}

@inproceedings{girshick2014rich,
  title={Rich feature hierarchies for accurate object detection and semantic segmentation},
  author={Girshick, Ross and Donahue, Jeff and Darrell, Trevor and Malik, Jitendra},
  booktitle={Proceedings of the IEEE conference on computer vision and pattern recognition},
  pages={580--587},
  year={2014}
}

@inproceedings{ren2015faster,
  title={Faster r-cnn: Towards real-time object detection with region proposal networks},
  author={Ren, Shaoqing and He, Kaiming and Girshick, Ross and Sun, Jian},
  booktitle={Advances in neural information processing systems},
  pages={91--99},
  year={2015}
}

@inproceedings{he2016deep,
  title={Deep residual learning for image recognition},
  author={He, Kaiming and Zhang, Xiangyu and Ren, Shaoqing and Sun, Jian},
  booktitle={Proceedings of the IEEE conference on computer vision and pattern recognition},
  pages={770--778},
  year={2016}
}

@article{chen2018person,
  title={Person re-identification by camera correlation aware feature augmentation},
  author={Chen, Ying-Cong and Zhu, Xiatian and Zheng, Wei-Shi and Lai, Jian-Huang},
  journal={IEEE transactions on pattern analysis and machine intelligence},
  volume={40},
  number={2},
  pages={392--408},
  year={2018},
  publisher={IEEE}
}

@article{sermanet2013overfeat,
  title={Overfeat: Integrated recognition, localization and detection using convolutional networks},
  author={Sermanet, Pierre and Eigen, David and Zhang, Xiang and Mathieu, Micha{\"e}l and Fergus, Rob and LeCun, Yann},
  journal={arXiv preprint arXiv:1312.6229},
  year={2013}
}

@inproceedings{girshick2015fast,
  title={Fast R-CNN},
  author={Girshick, Ross},
  booktitle={Computer Vision (ICCV), 2015 IEEE International Conference on},
  pages={1440--1448},
  year={2015},
  organization={IEEE}
}

@manual{tianhe2018config,
  title="High Performance Services - Features",
  author="National Supercomputing Center in Guangzhou",
  url="http://www.nscc-gz.cn/Product/HighPerformanceComputingService/ServiceCharacteristics.html",
  year="2018"
}

@manual{tianhe2017summary,
  title="High Performance Services - Features",
  author="National Supercomputing Center in Guangzhou",
  url="http://www.nscc-gz.cn/Introduction/Centerofmemorabilia.html",
  year="2017"
}
