@inproceedings{lin2014microsoft,
  title={Microsoft coco: Common objects in context},
  author={Lin, Tsung-Yi and Maire, Michael and Belongie, Serge and Hays, James and Perona, Pietro and Ramanan, Deva and Doll{\'a}r, Piotr and Zitnick, C Lawrence},
  booktitle={European conference on computer vision},
  pages={740--755},
  year={2014},
  organization={Springer}
}

@manual{Detectron2018,
  title={Detectron},
  author={Ross Girshick and Ilija Radosavovic and Georgia Gkioxari and Piotr Doll\'{a}r and Kaiming He},
  url={https://github.com/facebookresearch/detectron},
  year={2018}
}

@inproceedings{he2017mask,
  title={Mask r-cnn},
  author={He, Kaiming and Gkioxari, Georgia and Doll{\'a}r, Piotr and Girshick, Ross},
  booktitle={Computer Vision (ICCV), 2017 IEEE International Conference on},
  pages={2980--2988},
  year={2017},
  organization={IEEE}
}

@phdthesis{watkins1989learning,
  title={Learning from delayed rewards},
  author={Watkins, Christopher John Cornish Hellaby},
  year={1989},
  school={King's College, Cambridge}
}

@article{silver2016mastering,
  title={Mastering the game of Go with deep neural networks and tree search},
  author={Silver, David and Huang, Aja and Maddison, Chris J and Guez, Arthur and Sifre, Laurent and Van Den Driessche, George and Schrittwieser, Julian and Antonoglou, Ioannis and Panneershelvam, Veda and Lanctot, Marc and others},
  journal={nature},
  volume={529},
  number={7587},
  pages={484--489},
  year={2016},
  publisher={Nature Research}
}

@inproceedings{gray2007evaluating,
  title={Evaluating appearance models for recognition, reacquisition, and tracking},
  author={Gray, Douglas and Brennan, Shane and Tao, Hai},
  booktitle={Proc. IEEE International Workshop on Performance Evaluation for Tracking and Surveillance (PETS)},
  volume={3},
  number={5},
  pages={1--7},
  year={2007},
  organization={Citeseer}
}

@inproceedings{li2012human,
  title={Human Reidentification with Transferred Metric Learning},
  author={Li, Wei and Zhao, Rui and Wang, Xiaogang},
  booktitle={ACCV},
  year={2012}
}

@inproceedings{li2014deepreid,
  title={DeepReID: Deep Filter Pairing Neural Network for Person Re-identification},
  author={Li, Wei and Zhao, Rui and Xiao, Tong and Wang, Xiaogang},
  booktitle={CVPR},
  year={2014}
}

@inproceedings{ristani2016MTMC,
  title =        {Performance Measures and a Data Set for Multi-Target, Multi-Camera Tracking},
  author =       {Ristani, Ergys and Solera, Francesco and Zou, Roger and Cucchiara, Rita and Tomasi, Carlo},
  booktitle =    {European Conference on Computer Vision workshop on Benchmarking Multi-Target Tracking},
  year =         {2016}
}

@inproceedings{zheng2015scalable,
  title={Scalable Person Re-identification: A Benchmark},
  author={Zheng, Liang and Shen, Liyue and Tian, Lu and Wang, Shengjin and Wang, Jingdong and Tian, Qi},
  booktitle={Computer Vision, IEEE International Conference on},
  year={2015}
}

@article{sun2017beyond,
  title={Beyond Part Models: Person Retrieval with Refined Part Pooling},
  author={Sun, Yifan and Zheng, Liang and Yang, Yi and Tian, Qi and Wang, Shengjin},
  journal={arXiv preprint arXiv:1711.09349},
  year={2017}
}

@inproceedings{krizhevsky2012imagenet,
  title={Imagenet classification with deep convolutional neural networks},
  author={Krizhevsky, Alex and Sutskever, Ilya and Hinton, Geoffrey E},
  booktitle={Advances in neural information processing systems},
  pages={1097--1105},
  year={2012}
}

@article{simonyan2014very,
  title={Very deep convolutional networks for large-scale image recognition},
  author={Simonyan, Karen and Zisserman, Andrew},
  journal={arXiv preprint arXiv:1409.1556},
  year={2014}
}

@inproceedings{girshick2014rich,
  title={Rich feature hierarchies for accurate object detection and semantic segmentation},
  author={Girshick, Ross and Donahue, Jeff and Darrell, Trevor and Malik, Jitendra},
  booktitle={Proceedings of the IEEE conference on computer vision and pattern recognition},
  pages={580--587},
  year={2014}
}

@inproceedings{ren2015faster,
  title={Faster r-cnn: Towards real-time object detection with region proposal networks},
  author={Ren, Shaoqing and He, Kaiming and Girshick, Ross and Sun, Jian},
  booktitle={Advances in neural information processing systems},
  pages={91--99},
  year={2015}
}

@inproceedings{he2016deep,
  title={Deep residual learning for image recognition},
  author={He, Kaiming and Zhang, Xiangyu and Ren, Shaoqing and Sun, Jian},
  booktitle={Proceedings of the IEEE conference on computer vision and pattern recognition},
  pages={770--778},
  year={2016}
}

@article{chen2018person,
  title={Person re-identification by camera correlation aware feature augmentation},
  author={Chen, Ying-Cong and Zhu, Xiatian and Zheng, Wei-Shi and Lai, Jian-Huang},
  journal={IEEE transactions on pattern analysis and machine intelligence},
  volume={40},
  number={2},
  pages={392--408},
  year={2018},
  publisher={IEEE}
}

@article{sermanet2013overfeat,
  title={Overfeat: Integrated recognition, localization and detection using convolutional networks},
  author={Sermanet, Pierre and Eigen, David and Zhang, Xiang and Mathieu, Micha{\"e}l and Fergus, Rob and LeCun, Yann},
  journal={arXiv preprint arXiv:1312.6229},
  year={2013}
}

@inproceedings{girshick2015fast,
  title={Fast R-CNN},
  author={Girshick, Ross},
  booktitle={Computer Vision (ICCV), 2015 IEEE International Conference on},
  pages={1440--1448},
  year={2015},
  organization={IEEE}
}

@manual{tianhe2018config,
  title="High Performance Services - Features",
  author="National Supercomputing Center in Guangzhou",
  url="http://www.nscc-gz.cn/Product/HighPerformanceComputingService/ServiceCharacteristics.html",
  year="2018"
}

@manual{tianhe2017summary,
  title="High Performance Services - Features",
  author="National Supercomputing Center in Guangzhou",
  url="http://www.nscc-gz.cn/Introduction/Centerofmemorabilia.html",
  year="2017"
}
